@misc{plimpton322:collection,
  doi = {10.48550/ARXIV.1004.0025},
  
  howpublished = {\url{https://arxiv.org/abs/1004.0025}},
  
  author = {Abdulaziz, Abdulrahman Ali},
  
  keywords = {History and Overview (math.HO), FOS: Mathematics, FOS: Mathematics, 01A17},
  
  title = {The Plimpton 322 Tablet and the Babylonian Method of Generating Pythagorean Triples},
  
  publisher = {arXiv},
  
  year = {2010},
  
  copyright = {arXiv.org perpetual, non-exclusive license}
}

@book{euclid:notgood,
  doi = {10.1007/978-94-009-1379-0},
  
  howpublished = {\url{https://link.springer.com/book/10.1007/978-94-009-1379-0}},
  
  author = {B. L. Waerden},
  
  year = {1975},
  
  title = {Science Awakening I},
  
  publisher = {Springer Dordrecht},
  
  ISBN = {978-90-01-93102-5},
  
  edition = {1}
}

@book{numbertheory,
	doi = {10.1007/978-0-8176-4571-7},
	
	howpublished = {\url{https://link.springer.com/book/10.1007/978-0-8176-4571-7}},
	
	author = {André Weil},
	
	year = {2001},
	
	title = {Number Theory: An approach through history From Hammurapi to Legendre},
	
	publisher = {Birkhäuser Boston, MA},
	
	ISBN = {978-0-8176-4571-7},
	
	edition = {1}
}

@book{numbertheory:analytic,
	doi = {10.1007/978-1-4757-5579-4},
	
	howpublished = {\url{https://link.springer.com/book/10.1007/978-1-4757-5579-4}},
	
	author = {Tom M. Apostol},
	
	year = {1976},
	
	title = {Introduction to Analytic Number Theory},
	
	publisher = {Springer New York, Ny},
	
	ISBN = {978-0-387-90163-3},
	
	edition = {1}
}

@Inbook{Goldfeld2004,
	author="Goldfeld, D.",
	title="The Elementary Proof of the Prime Number Theorem: An Historical Perspective",
	bookTitle="Number Theory: New York Seminar 2003",
	year="2004",
	publisher="Springer New York",
	address="New York, NY",
	pages="179--192",
	isbn="978-1-4419-9060-0",
	doi="10.1007/978-1-4419-9060-0_10",
	url="https://doi.org/10.1007/978-1-4419-9060-0_10"
}

@inproceedings{iwaniec,
	title={Analytic Number Theory},
	author={Henryk Iwaniec and Emmanuel Kowalski},
	year={2004}
}

@unpublished{talteori1,
	author = {Johan Jonasson},
	institution = {Chalmers Tekniska Högkola},
	howpublished = {University Lecture},
	year = {2022},
	month = {November},
	title = {Heltalsaritmetik del 1},
	note = {Eulers $\phi$-funktion och RSA-krypto}
}

@unpublished{talteori2,
	author = {Johan Jonasson},
	institution = {Chalmers Tekniska Högkola},
	howpublished = {University Lecture},
	year = {2022},
	month = {November},
	title = {Heltalsaritmetik del 2},
	note = {Euklides algoritm och modulär aritmetik}
}

@misc{crypto,
  howpublished = {\url{https://cdn.stmarytx.edu/wp-content/uploads/2020/10/Cryptography-in-Modern-World.pdf}},
  
  author = {Julius O. Olwenyi, Aby Tino Thomas, Ayad Barsoum},
  
  title = {Cryptography in Modern World},
  
  year = {2020},
}

@book{hardy,
  isbn = {9780471063940},
  author = {Hardy, G. H. and Wright, E. M.},
  edition = {Fourth},
  keywords = {number.theory textbook},
  publisher = {Oxford},
  title = {An Introduction to the Theory of Numbers},
  year = 1975
}

@book{concrete:knuth,
	author = {Graham, Ronald L. and Knuth, Donald E. and Patashnik, Oren},
	title = {Concrete Mathematics: A Foundation for Computer Science},
	year = {1994},
	isbn = {0201558025},
	publisher = {Addison-Wesley Longman Publishing Co., Inc.},
	edition = {2nd}
}



